@article{lacks2004energy,
  author={Lacks, Daniel J and Osborne, Mark J},
  journal={Phys. Rev. Lett.},
  year={2004},
  publisher={APS}
}

@article{corte2008random,
  author={Corte, Laurent and Chaikin, PM and Gollub, JP and Pine, DJ},
  journal={Nature Physics},
  year={2008},
}

@article{keim2011generic,
  author={Keim, Nathan C and Nagel, Sidney R},
  journal={Phys. Rev. Lett.},
  year={2011},
}
