@article{hamill2013hypervelocity,
  title={Hypervelocity Impact Phenomenon in Bulk Metallic Glasses and Composites},
  author={Hamill, Lee and Roberts, Scott and Davidson, Marc and Johnson, William L and Nutt, Steven and Hofmann, Douglas C},
  journal={Advanced Engineering Materials},
  year={2013},
  publisher={Wiley Online Library}
}

@article{schroers2007thermoplastic,
  title={Thermoplastic forming of bulk metallic glass -- Applications for {MEMS} and microstructure fabrication},
  author={Schroers, Jan and Nguyen, Tranquoc and O'Keeffe, Sean and Desai, Amish},
  journal={Materials Science and Engineering: A},
  volume={449},
  pages={898--902},
  year={2007},
  publisher={Elsevier}
}

@article{klement1960noncrystalline, 
  title={Non-crystalline structure in solidified gold--silicon alloys},
  author={Klement, W and Willens, RH and Duwez, POL},
  year={1960},
  publisher={Nature Publishing Group},
  journal={Nature}
}

@article{horton2003biomedical,
  title={Biomedical potential of a zirconium-based bulk metallic glass},
  author={Horton, JA and Parsell, DE},
  journal={Elastic},
  volume={130},
  number={150},
  pages={547},
  year={2003},
  publisher={Cambridge Univ Press}
}

@article{schall2007structural,
  title={Structural rearrangements that govern flow in colloidal glasses},
  author={Schall, Peter and Weitz, David A and Spaepen, Frans},
  journal={Science},
  volume={318},
  number={5858},
  pages={1895--1899},
  year={2007},
  publisher={American Association for the Advancement of Science}
}

@book{frenkel2001understanding,
  title={Understanding molecular simulation: from algorithms to applications},
  author={Frenkel, Daan and Smit, Berend},
  year={2001},
  publisher={Access Online via Elsevier}
}

@book{allen1989computer,
  title={Computer simulation of liquids},
  author={Allen, Michael P and Tildesley, Dominic J},
  year={1989},
  publisher={Oxford university press}
}

@online{statfor,
  author = {Ceperley, David  and Johnson, D. D.},
  title = {Statistical Errors, on http://courses.physics.illinois.edu/phys466/lnotes/errors.html},
  year = {2001},
  url = {http://courses.physics.illinois.edu/phys466/lnotes/errors.html}
}

@book{hansen1990theory,
  title={Theory of simple liquids},
  author={Hansen, Jean-Pierre and McDonald, Ian R},
  year={1990},
  publisher={Access Online via Elsevier}
}

@article{nose2001improved,
  title={An improved symplectic integrator for {N}os\'e-{P}oincar\'e thermostat},
  author={Nos{\'e}, Shuichi},
  journal={Journal of the Physical Society of Japan},
  volume={70},
  pages={75},
  year={2001}
}

@article{voter2002extending,
  title={Extending the time scale in atomistic simulation of materials},
  author={Voter, Arthur F and Montalenti, Francesco and Germann, Timothy C},
  journal={Annual Review of Materials Research},
  volume={32},
  number={1},
  pages={321--346},
  year={2002},
  publisher={Annual Reviews 4139 El Camino Way, PO Box 10139, Palo Alto, CA 94303-0139, USA}
}

@article{vaidyanathan2001study,
  title={Study of mechanical deformation in bulk metallic glass through instrumented indentation},
  author={Vaidyanathan, R and Dao, M and Ravichandran, G and Suresh, S},
  journal={Acta Materialia},
  volume={49},
  number={18},
  pages={3781--3789},
  year={2001},
  publisher={Elsevier}
}

@article{chen2011brief,
  title={A brief overview of bulk metallic glasses},
  author={Chen, Mingwei},
  journal={NPG Asia Materials},
  volume={3},
  number={9},
  pages={82--90},
  year={2011},
  publisher={Nature Publishing Group}
}

@article{inoue2000stabilization,
  title={Stabilization of metallic supercooled liquid and bulk amorphous alloys},
  author={Inoue, Akihisa},
  journal={Acta materialia},
  volume={48},
  number={1},
  pages={279--306},
  year={2000},
  publisher={Elsevier}
}

@article{ashby2006metallic,
  title={Metallic glasses as structural materials},
  author={Ashby, MF and Greer, AL},
  journal={Scripta Materialia},
  volume={54},
  number={3},
  pages={321--326},
  year={2006},
  publisher={Elsevier}
}

@article{ashby2005materials,
  title={Materials selection in mechanical design},
  author={Ashby, Michael F},
  journal={MRS BULLETIN},
  volume={30},
  pages={995},
  year={2005},
  publisher={Cambridge Univ Press}
}

@article{busch2007thermodynamics,
  title={Thermodynamics and Kinetics of Bulk Metallic Glass},
  author={Busch, R and Schroers, J and Wang, WH},
  journal={Mrs Bulletin},
  volume={32},
  year={2007},
  publisher={Cambridge Univ Press}
}

@article{peter2002fatigue,
  title={Fatigue behavior of {Z}r$_{52.5}${A}l$_{10}${T}i$_{5}${C}u$_{17.9}${N}i$_{14.6}$ bulk metallic glass},
  author={Peter, WH and Liaw, PK and Buchanan, RA and Liu, CT and Brooks, CR and Horton Jr, JA and Carmichael Jr, CA and Wright, JL},
  journal={Intermetallics},
  volume={10},
  number={11},
  pages={1125--1129},
  year={2002},
  publisher={Elsevier}
}

@article{hofmann2008designing,
  title={Designing metallic glass matrix composites with high toughness and tensile ductility},
  author={Hofmann, Douglas C and Suh, Jin-Yoo and Wiest, Aaron and Duan, Gang and Lind, Mary-Laura and Demetriou, Marios D and Johnson, William L},
  journal={Nature},
  volume={451},
  number={7182},
  pages={1085--1089},
  year={2008},
  publisher={Nature Publishing Group}
}

@article{phillips1999hierarchical,
  title={Hierarchical models of plasticity: dislocation nucleation and interaction},
  author={Phillips, Rob and Rodney, David and Shenoy, Vivek and Tadmor, Ellad and Ortiz, Michael},
  journal={Modelling and Simulation in Materials Science and Engineering},
  volume={7},
  number={5},
  pages={769},
  year={1999},
  publisher={IOP Publishing}
}

@article{shilkrot2002coupled,
  title={Coupled atomistic and discrete dislocation plasticity},
  author={Shilkrot, LE and Miller, RE and Curtin, WA},
  journal={Physical Review Letters},
  volume={89},
  number={2},
  pages={025501},
  year={2002},
  publisher={APS}
}

@article{bulatov1998connecting,
  title={Connecting atomistic and mesoscale simulations of crystal plasticity},
  author={Bulatov, Vasily and Abraham, Farid F and Kubin, Ladislas and Devincre, Benoit and Yip, Sidney},
  journal={Nature},
  volume={391},
  number={6668},
  pages={669--672},
  year={1998},
  publisher={Nature Publishing Group}
}

@article{ediger1996supercooled,
  title={Supercooled liquids and glasses},
  author={Ediger, MD and Angell, CA and Nagel, Sidney R},
  journal={The Journal of Physical Chemistry},
  volume={100},
  number={31},
  pages={13200--13212},
  year={1996},
  publisher={ACS Publications}
}

@article{cavagna2009supercooled,
  title={Supercooled liquids for pedestrians},
  author={Cavagna, Andrea},
  journal={Physics Reports},
  volume={476},
  number={4},
  pages={51--124},
  year={2009},
  publisher={Elsevier}
}

@article{berthier2011theoretical,
  title={Theoretical perspective on the glass transition and amorphous materials},
  author={Berthier, Ludovic and Biroli, Giulio},
  journal={Reviews of Modern Physics},
  volume={83},
  number={2},
  pages={587},
  year={2011},
  publisher={APS}
}

@article{ediger2012perspective,
  title={Perspective: Supercooled liquids and glasses},
  author={Ediger, MD and Harrowell, Peter},
  journal={The Journal of Chemical Physics},
  volume={137},
  pages={080901},
  year={2012}
}

@book{binder2011glassy,
  title={Glassy Materials and Disordered Solids: An Introduction to Their Statistical Mechanics (Revised Edition)},
  author={Binder, Kurt and Kob, Walter},
  year={2011},
  publisher={World Scientific}
}

@article{bakke1995viscosity,
  title={The viscosity of the {Z}r{T}i{C}u{N}i{B}e bulk metallic glass forming alloy in the supercooled liquid},
  author={Bakke, E and Busch, R and Johnson, WL},
  journal={Applied Physics Letters},
  volume={67},
  pages={3260},
  year={1995}
}

@article{luo2006aging,
  title={Aging and stability of cerium-based bulk metallic glass},
  author={Luo, Q and Zhang, B and Zhao, DQ and Wang, RJ and Pan, MX and Wang, WH},
  journal={Applied physics letters},
  volume={88},
  number={15},
  pages={151915--151915},
  year={2006},
  publisher={AIP}
}

@article{wang2005ageing,
  title={Ageing behaviour of {P}d$_{40}${C}u$_{30}${N}i$_{10}${P}$_{20}$ bulk metallic glass during long-time isothermal annealing},
  author={Wang, JF and Liu, L and Xiao, JZ and Zhang, T and Wang, BY and Zhou, CL and Long, W},
  journal={Journal of Physics D: Applied Physics},
  volume={38},
  number={6},
  pages={946},
  year={2005},
  publisher={IOP Publishing}
}

@article{khonik2012comparative,
  title={Comparative study of relaxation behavior of glassy ``usual'' {P}d$_{40}${C}u$_{30}${N}i$_{10}${P}$_{20}$ and ``unusual'' {P}d$_{40}${C}u$_{40}${P}$_{20}$ by measurements of the electrical resistance},
  author={Khonik, SV and Makarov, AS and Podurets, KM and Lysenko, AV and Khonik, VA},
  journal={Intermetallics},
  volume={20},
  number={1},
  pages={170--172},
  year={2012},
  publisher={Elsevier}
}

@article{ruta2012atomic,
  title={Atomic-scale relaxation dynamics and aging in a metallic glass probed by {X}-ray photon correlation spectroscopy},
  author={Ruta, B and Chushkin, Y and Monaco, G and Cipelletti, Luca and Pineda, E and Bruna, P and Giordano, VM and Gonzalez-Silveira, M},
  journal={Physical Review Letters},
  volume={109},
  number={16},
  pages={165701},
  year={2012},
  publisher={APS}
}

@article{concustell2009structural,
  title={Structural relaxation and rejuvenation in a metallic glass induced by shot-peening},
  author={Concustell, A and M{\'e}ar, FO and Surinach, S and Bar{\'o}, MD and Greer, AL},
  journal={Philosophical Magazine Letters},
  volume={89},
  number={12},
  pages={831--840},
  year={2009},
  publisher={Taylor \& Francis}
}

@article{chathoth2010stokes,
  title={Stokes-{E}instein relation in dense metallic glass-forming melts},
  author={Chathoth, SM and Samwer, K},
  journal={Applied Physics Letters},
  volume={97},
  number={22},
  pages={221910--221910},
  year={2010},
  publisher={AIP}
}

@article{schuh2007mechanical,
  title={Mechanical behavior of amorphous alloys},
  author={Schuh, Christopher A and Hufnagel, Todd C and Ramamurty, Upadrasta},
  journal={Acta Materialia},
  volume={55},
  number={12},
  pages={4067--4109},
  year={2007},
  publisher={Elsevier}
}

@article{packard2008hardening,
  title={Hardening of a metallic glass during cyclic loading in the elastic range},
  author={Packard, CE and Witmer, LM and Schuh, CA},
  journal={Applied Physics Letters},
  volume={92},
  number={17},
  pages={171911--171911},
  year={2008},
  publisher={AIP}
}

@article{heuer2008exploring,
  title={Exploring the potential energy landscape of glass-forming systems: from inherent structures via metabasins to macroscopic transport},
  author={Heuer, Andreas},
  journal={Journal of Physics: Condensed Matter},
  volume={20},
  number={37},
  pages={373101},
  year={2008},
  publisher={IOP Publishing}
}

@article{berthier2005direct,
  title={Direct experimental evidence of a growing length scale accompanying the glass transition},
  author={Berthier, Ludovic and Biroli, Giulio and Bouchaud, J-P and Cipelletti, Luca and El Masri, D and L'H{\^o}te, Denis and Ladieu, Francois and Pierno, Matteo},
  journal={Science},
  volume={310},
  number={5755},
  pages={1797--1800},
  year={2005},
  publisher={American Association for the Advancement of Science}
}

@article{sciortino2005potential,
  title={Potential energy landscape description of supercooled liquids and glasses},
  author={Sciortino, Francesco},
  journal={Journal of Statistical Mechanics: Theory and Experiment},
  volume={2005},
  number={05},
  pages={P05015},
  year={2005},
  publisher={IOP Publishing}
}

@article{daw1993embedded,
  title={The embedded-atom method: a review of theory and applications},
  author={Daw, Murray S and Foiles, Stephen M and Baskes, Michael I},
  journal={Materials Science Reports},
  volume={9},
  number={7},
  pages={251--310},
  year={1993},
  publisher={Elsevier}
}

@article{cleri1993tight,
  title={Tight-binding potentials for transition metals and alloys},
  author={Cleri, Fabrizio and Rosato, Vittorio},
  journal={Physical Review B},
  volume={48},
  number={1},
  pages={22},
  year={1993},
  publisher={APS}
}

@article{debenedetti2001supercooled,
  title={Supercooled liquids and the glass transition},
  author={Debenedetti, Pablo G and Stillinger, Frank H},
  journal={Nature},
  volume={410},
  number={6825},
  pages={259--267},
  year={2001},
  publisher={Nature Publishing Group}
}

@article{stillinger1995topographic,
  title={A topographic view of supercooled liquids and glass formation},
  author={Stillinger, Frank H},
  journal={Science},
  volume={267},
  number={5206},
  pages={1935--1939},
  year={1995}
}

@article{sastry1999potential,
  title={Potential energy landscape signatures of slow dynamics in glass forming liquids},
  author={Sastry, Srikanth and Debenedetti, Pablo G and Stillinger, Frank H and Schr{\o}der, Thomas B and Dyre, Jeppe C and Glotzer, Sharon C},
  journal={Physica A: Statistical Mechanics and its Applications},
  volume={270},
  number={1},
  pages={301--308},
  year={1999},
  publisher={Elsevier}
}

@article{toxvaerd2009stability,
  title={Stability of supercooled binary liquid mixtures},
  author={Toxvaerd, S{\o}ren and Pedersen, Ulf R and Schr{\o}der, Thomas B and Dyre, Jeppe C},
  journal={The Journal of Chemical Physics},
  volume={130},
  pages={224501},
  year={2009}
}

@article{schroder2000crossover,
  title={Crossover to potential energy landscape dominated dynamics in a model glass-forming liquid},
  author={Schr{\o}der, Thomas B and Sastry, Srikanth and Dyre, Jeppe C and Glotzer, Sharon C},
  journal={The Journal of Chemical Physics},
  volume={112},
  pages={9834},
  year={2000}
}

@article{sastry2001relationship,
  title={The relationship between fragility, configurational entropy and the potential energy landscape of glass-forming liquids},
  author={Sastry, Srikanth},
  journal={Nature},
  volume={409},
  number={6817},
  pages={164--167},
  year={2001},
  publisher={Nature Publishing Group}
}

@article{mossa2004crossover,
  title={Crossover (or {K}ovacs) effect in an aging molecular liquid},
  author={Mossa, Stefano and Sciortino, Francesco},
  journal={Physical Review Letters},
  volume={92},
  number={4},
  pages={045504},
  year={2004},
  publisher={APS}
}

@article{doliwa2003hopping,
  title={Hopping in a supercooled {L}ennard-{J}ones liquid: Metabasins, waiting time distribution, and diffusion},
  author={Doliwa, B and Heuer, A},
  journal={Physical Review E},
  volume={67},
  number={3},
  pages={030501},
  year={2003},
  publisher={APS}
}

@article{doye1999evolution,
  title={Evolution of the potential energy surface with size for {L}ennard-{J}ones clusters},
  author={Doye, Jonathan PK and Miller, Mark A and Wales, David J},
  journal={The Journal of Chemical Physics},
  volume={111},
  pages={8417},
  year={1999}
}

@article{becker1997topology,
  title={The topology of multidimensional potential energy surfaces: Theory and application to peptide structure and kinetics},
  author={Becker, Oren M and Karplus, Martin},
  journal={Journal of Chemical Physics},
  volume={106},
  number={4},
  pages={1495--1517},
  year={1997},
  publisher={[New York, etc.]: American Institute of Physics.}
}

@article{desouza2009connectivity,
  title={Connectivity in the potential energy landscape for binary {L}ennard-{J}ones systems},
  author={de Souza, Vanessa K and Wales, David J},
  journal={The Journal of Chemical Physics},
  volume={130},
  pages={194508},
  year={2009}
}

@book{evans2008statistical,
  title={Statistical mechanics of nonequilibrium liquids},
  author={Evans, Denis J and Morriss, Gary},
  year={2008},
  publisher={Cambridge University Press}
}

@article{kobayashi1980computer,
  title={Computer simulation of deformation of amorphous {C}u$_{57}${Z}r$_{43}$},
  author={Kobayashi, S and Maeda, K and Takeuchi, S},
  journal={Acta Metallurgica},
  volume={28},
  number={12},
  pages={1641--1652},
  year={1980},
  publisher={Elsevier}
}

@article{tanguy2002continuum,
  title={Continuum limit of amorphous elastic bodies: A finite-size study of low-frequency harmonic vibrations},
  author={Tanguy, A and Wittmer, JP and Leonforte, F and Barrat, J-L},
  journal={Physical Review B},
  volume={66},
  number={17},
  pages={174205},
  year={2002},
  publisher={APS}
}

@article{maloney2006amorphous,
  title={Amorphous systems in athermal, quasistatic shear},
  author={Maloney, Craig E and Lema{\^\i}tre, Ana{\"e}l},
  journal={Physical Review E},
  volume={74},
  number={1},
  pages={016118},
  year={2006},
  publisher={APS}
}

@article{bailey2007avalanche,
  title={Avalanche size scaling in sheared three-dimensional amorphous solid},
  author={Bailey, Nicholas P and Schi{\o}tz, Jakob and Lema{\^\i}tre, Ana{\"e}l and Jacobsen, Karsten W},
  journal={Physical Review Letters},
  volume={98},
  number={9},
  pages={095501},
  year={2007},
  publisher={APS}
}

@article{isner2006generic,
  title={Generic rugged landscapes under strain and the possibility of rejuvenation in glasses},
  author={Isner, Brittany A and Lacks, Daniel J},
  journal={Physical Review Letters},
  volume={96},
  number={2},
  pages={025506},
  year={2006},
  publisher={APS},
  note={\textbf{This is a key paper of this thesis. It contains the description of the NK model, used here to prove that rejuvenation and overaging are a general phenomenon.}} 
}

@article{fiocco2013oscillatory,
  title = {Oscillatory athermal quasistatic deformation of a model glass},
  author = {Fiocco, Davide and Foffi, Giuseppe and Sastry, Srikanth},
  journal = {Phys. Rev. E},
  volume = {88},
  issue = {2},
  pages = {020301},
  numpages = {5},
  year = {2013},
  doi = {10.1103/PhysRevE.88.020301},
  url = {http://link.aps.org/doi/10.1103/PhysRevE.88.020301},
  note={\textbf{In this paper we describe the key results that we obtained in our simulations of oscillatory shear deformation of an LJ mixture.}},
  publisher = {American Physical Society}
}

@article{fiocco2014encoding,
  title={Encoding of Memory in Sheared Amorphous Solids},
  author={Fiocco, Davide and Foffi, Giuseppe and Sastry, Srikanth},
  journal={Physical Review Letters},
  volume={112},
  number={2},
  pages={025702},
  year={2014},
  publisher={APS},
  note={\textbf{In this paper we describe our key results about memory phenomena in the LJ and NK models.}}
}

@article{dimichele2013aggregation,
  title = {Aggregation dynamics, structure, and mechanical properties of bigels},
  author={Di Michele, Lorenzo and Varrato, Francesco and Fiocco, Davide and Sastry, Srikanth and Eiser, Erika and Foffi, Giuseppe},
  journal={Soft Matter},
  year={2014},
  publisher={Royal Society of Chemistry},
  note={\textbf{In this paper we describe the key results of our simulations of the deformation behavior of gels and bigels.}}
}

@article{corte2008random,
  title={Random organization in periodically driven systems},
  author={Corte, Laurent and Chaikin, PM and Gollub, JP and Pine, DJ},
  journal={Nature Physics},
  volume={4},
  number={5},
  pages={420--424},
  year={2008},
  publisher={Nature Publishing Group},
  note={\textbf{This is a key paper of this thesis. In this paper the behavior of a non-colloidal suspension under oscillatory deformation is described and modeled. In this thesis we aimed at understanding whether some of the behavior seen in such suspensions is found in the case of glassy systems.}}
}

@article{menon2009universality,
  title={Universality class of the reversible-irreversible transition in sheared suspensions},
  author={Menon, Gautam I and Ramaswamy, Sriram},
  journal={Physical Review E},
  volume={79},
  number={6},
  pages={061108\_1--061108\_4},
  year={2009},
  publisher={The American Physical Society}
}

@article{hinrichsen2000nonequilibrium,
  title={Non-equilibrium critical phenomena and phase transitions into absorbing states},
  author={Hinrichsen, Haye},
  journal={Advances in physics},
  volume={49},
  number={7},
  pages={815--958},
  year={2000},
  publisher={Taylor \& Francis}
}

@misc{ramaswamy2012private,
  author = "Ramaswamy, Sriram",
  date = "2013",
  howpublished = "Private Communication"
}

@article{kob1994scaling,
  title={Scaling behavior in the $\beta$-relaxation regime of a supercooled {L}ennard-{J}ones mixture},
  author={Kob, Walter and Andersen, Hans C},
  journal={Physical Review Letters},
  volume={73},
  number={10},
  pages={1376},
  year={1994},
  publisher={APS}
}

@article{kob1995testing,
  title={Testing mode-coupling theory for a supercooled binary {L}ennard-{J}ones mixture I: The van {H}ove correlation function},
  author={Kob, Walter and Andersen, Hans C},
  journal={Physical Review E},
  volume={51},
  number={5},
  pages={4626},
  year={1995},
  publisher={APS}
}

@article{bordat2003breakdown,
  title={The breakdown of the {S}tokes--{E}instein relation in supercooled binary liquids},
  author={Bordat, Patrice and Affouard, Fr{\'e}d{\'e}ric and Descamps, Marc and M{\"u}ller-Plathe, Florian},
  journal={Journal of Physics: Condensed Matter},
  volume={15},
  number={32},
  pages={5397},
  year={2003},
  publisher={IOP Publishing}
}

@article{falk2010simulating,
  title={Simulating the mechanical response of amorphous solids using atomistic methods},
  author={Falk, ML and Maloney, CE},
  journal={The European Physical Journal B},
  volume={75},
  number={4},
  pages={405--413},
  year={2010},
  publisher={Springer}
}

@article{rodney2011modeling,
  title={Modeling the mechanics of amorphous solids at different length scale and time scale},
  author={Rodney, David and Tanguy, Anne and Vandembroucq, Damien},
  journal={Modelling and Simulation in Materials Science and Engineering},
  volume={19},
  number={8},
  pages={083001},
  year={2011},
  publisher={IOP Publishing},
  note={\textbf{This review paper is a nice introduction to the problem of mechanical deformation of amorphous solids and the models that try to attack it at different levels of granularity.}}
}

@article{malandro1999relationships,
  title={Relationships of shear-induced changes in the potential energy landscape to the mechanical properties of ductile glasses},
  author={Malandro, Dennis L and Lacks, Daniel J},
  journal={The Journal of Chemical Physics},
  volume={110},
  pages={4593},
  year={1999}
}

@article{lacks2004energy,
  title={Energy landscape picture of overaging and rejuvenation in a sheared glass},
  author={Lacks, Daniel J and Osborne, Mark J},
  journal={Physical Review Letters},
  volume={93},
  number={25},
  pages={255501},
  year={2004},
  publisher={APS},
  note={\textbf{This is a key paper of this thesis. It contains the results of simulations of oscillatory deformation of a model glass, observing overaging and rejuvenation. In this thesis we aimed at extending the observations contained here to a oscillatory shear simulations consisting in a large number of cycles.}}
}

@article{duff2007shear,
  title={Shear-induced crystallization in jammed systems},
  author={Duff, Nathan and Lacks, Daniel J},
  journal={Physical Review E},
  volume={75},
  number={3},
  pages={031501},
  year={2007},
  publisher={APS}
}

@article{utz2000atomistic,
  title={Atomistic simulation of aging and rejuvenation in glasses},
  author={Utz, Marcel and Debenedetti, Pablo G and Stillinger, Frank H},
  journal={Physical Review Letters},
  volume={84},
  number={7},
  pages={1471},
  year={2000},
  publisher={APS},
  note={\textbf{This is a key paper of this thesis. It is the first observation of rejuvenation in a computer simulation of a model glass.}}
}

@misc{bouchbinder2013private,
  author = "Bouchbinder, Eran",
  date = "2013",
  howpublished = "Private Communication"
}

@article{langer2006shear,
  title={Shear-transformation-zone theory of deformation in metallic glasses},
  author={Langer, JS},
  journal={Scripta materialia},
  volume={54},
  number={3},
  pages={375--379},
  year={2006},
  publisher={Elsevier}
}

@article{argon1979plastic,
  title={Plastic deformation in metallic glasses},
  author={Argon, AS},
  journal={Acta Metallurgica},
  volume={27},
  number={1},
  pages={47--58},
  year={1979},
  publisher={Elsevier}
}

@article{spaepen1977microscopic,
  title={A microscopic mechanism for steady state inhomogeneous flow in metallic glasses},
  author={Spaepen, Frans},
  journal={Acta Metallurgica},
  volume={25},
  number={4},
  pages={407--415},
  year={1977},
  publisher={Elsevier}
}

@article{keim2011generic,
  title={Generic transient memory formation in disordered systems with noise},
  author={Keim, Nathan C and Nagel, Sidney R},
  journal={Physical Review Letters},
  volume={107},
  number={1},
  pages={010603},
  year={2011},
  publisher={APS},
  note={\textbf{This is a key paper of this thesis. It contains the observation of memory effects in sheared non-colloidal suspensions. In this thesis we aimed at understanding whether a similar kind of memory can be encoded in glassy systems.}}
}

@article{priezjev2013heterogeneous,
  title={Heterogeneous relaxation dynamics in amorphous materials under cyclic loading},
  author={Priezjev, Nikolai V},
  journal={Physical Review E},
  volume={87},
  number={5},
  pages={052302},
  year={2013},
  publisher={APS}
}

@article{regev2013onset,
  title={Onset of irreversibility and chaos in amorphous solids under periodic shear},
  author={Regev, Ido and Lookman, Turab and Reichhardt, Charles},
  journal={Physical Review E},
  volume={88},
  number={6},
  pages={062401},
  year={2013},
  publisher={APS}
}

@article{plimpton1995fast,
  title={Fast parallel algorithms for short-range molecular dynamics},
  author={Plimpton, Steve},
  journal={Journal of Computational Physics},
  volume={117},
  number={1},
  pages={1--19},
  year={1995},
  publisher={Elsevier}
}

@incollection{hunenberger2005thermostat,
  title={Thermostat algorithms for molecular dynamics simulations},
  author={H{\"u}nenberger, Philippe H},
  booktitle={Advanced Computer Simulation},
  pages={105--149},
  year={2005},
  publisher={Springer}
}

@article{chakravarty2005generating,
  title={Generating inherent structures of liquids: Comparison of local minimization algorithms},
  author={Chakravarty, Charusita and Debenedetti, Pablo G and Stillinger, Frank H},
  journal={The Journal of Chemical Physics},
  volume={123},
  pages={206101},
  year={2005}
}

@misc{shewchuk1994introduction,
  title={An introduction to the conjugate gradient method without the agonizing pain},
  author={Shewchuk, Jonathan Richard},
  year={1994},
  publisher={Carnegie Mellon University, Pittsburgh, PA}
}

@article{yuste2013exploration,
  title={Exploration and Trapping of Mortal Random Walkers},
  author={Yuste, SB and Abad, E and Lindenberg, Katja},
  journal={Physical Review Letters},
  volume={110},
  number={22},
  pages={220603},
  year={2013},
  publisher={APS}
}

@book{bollobas1998modern,
  title={Modern graph theory},
  author={Bollob{\'a}s, B{\'e}la},
  volume={184},
  year={1998},
  publisher={Springer}
}

@book{domb2000phase,
  title={Phase transitions and critical phenomena},
  author={Domb, Cyril},
  volume={19},
  year={2000},
  publisher={Access Online via Elsevier}
}

@article{lu2008gelation,
  title={Gelation of particles with short-range attraction},
  author={Lu, Peter J and Zaccarelli, Emanuela and Ciulla, Fabio and Schofield, Andrew B and Sciortino, Francesco and Weitz, David A},
  journal={Nature},
  volume={453},
  number={7194},
  pages={499--503},
  year={2008},
  publisher={Nature Publishing Group}
}

@article{foffi2005scaling,
  title={Scaling of dynamics with the range of interaction in short-range attractive colloids},
  author={Foffi, Giuseppe and De Michele, Cristiano and Sciortino, Francesco and Tartaglia, Piero},
  journal={Physical Review Letters},
  volume={94},
  number={7},
  pages={078301},
  year={2005},
  publisher={APS}
}

@article{foffi2005arrested,
  title={Arrested phase separation in a short-ranged attractive colloidal system: A numerical study},
  author={Foffi, G and De Michele, C and Sciortino, Francesco and Tartaglia, Piero},
  journal={The Journal of Chemical Physics},
  volume={122},
  pages={224903},
  year={2005}
}

@article{dorsaz2010phase,
  title={Phase behaviour of the symmetric binary mixture from thermodynamic perturbation theory},
  author={Dorsaz, N and Foffi, G},
  journal={Journal of Physics: Condensed Matter},
  volume={22},
  number={10},
  pages={104113},
  year={2010},
  publisher={IOP Publishing}
}

@article{likos2001effective,
  title={Effective interactions in soft condensed matter physics},
  author={Likos, Christos N},
  journal={Physics Reports},
  volume={348},
  number={4},
  pages={267--439},
  year={2001},
  publisher={Elsevier}
}

@article{varrato2012arrested,
  title={Arrested demixing opens route to bigels},
  author={Varrato, Francesco and Di Michele, Lorenzo and Belushkin, Maxim and Dorsaz, Nicolas and Nathan, Simon H and Eiser, Erika and Foffi, Giuseppe},
  journal={Proceedings of the National Academy of Sciences},
  volume={109},
  number={47},
  pages={19155--19160},
  year={2012},
  publisher={National Acad Sciences},
  note={\textbf{This is a key paper of this thesis. In it bigels, intertwining ramified colloidal structures obtained from binary mixtures, are introduced. In an appendix of this thesis we perform simulations of the behavior of such systems under shear deformation.}}
}

@article{rajaram2010microstructural,
  title={Microstructural response of dilute colloidal gels to nonlinear shear deformation},
  author={Rajaram, Bharath and Mohraz, Ali},
  journal={Soft Matter},
  volume={6},
  number={10},
  pages={2246--2259},
  year={2010},
  publisher={Royal Society of Chemistry}
}

@article{sprakel2011stress,
  title={Stress enhancement in the delayed yielding of colloidal gels},
  author={Sprakel, Joris and Lindstr{\"o}m, Stefan B and Kodger, Thomas E and Weitz, David A},
  journal={Physical Review Letters},
  volume={106},
  number={24},
  pages={248303},
  year={2011},
  publisher={APS}
}

@misc{scipy,
  author =    {Eric Jones and Travis Oliphant and Pearu Peterson and others},
  title =     {{SciPy}: Open source scientific tools for {Python}},
  year =      {2001--},
  url = "http://www.scipy.org/"
}

@misc{mygithub,
  author =    {Davide Fiocco},
  title =     {on https://github.com/davidefiocco/phd-thesis},
  year =      {2013},
  url = "https://github.com/davidefiocco/phd-thesis"
}

@inproceedings{networkx,
author = {Aric A. Hagberg and Daniel A. Schult and Pieter J. Swart},
title = {Exploring network structure, dynamics, and function using {NetworkX}},
year = {2008},
urlpdf = {http://math.lanl.gov/~hagberg/Papers/hagberg-2008-exploring.pdf},
booktitle = {Proceedings of the 7th Python in Science Conference (SciPy2008)},
editors = {G\"{a}el Varoquaux, Travis Vaught, and Jarrod Millman},
address = {Pasadena, CA USA},
pages = {11--15}
}
